<?xml version="1.0" encoding="UTF-8"?><collection xmlns="http://www.loc.gov/MARC21/slim"><record><leader>00583nam--2200193-i-4500</leader><controlfield tag="001">000033554</controlfield><controlfield tag="002">20161230</controlfield><controlfield tag="005">20161230201039</controlfield><controlfield tag="008">060222s1000------------r-----000-0-eng-d</controlfield><datafield ind1=" " ind2=" " tag="040"><subfield code="a">IFIN-HH</subfield></datafield><datafield ind1=" " ind2=" " tag="080"><subfield code="a">537.611.44/45:531.19</subfield></datafield><datafield ind1="1" ind2=" " tag="100"><subfield code="a">Mezard, Marc</subfield></datafield><datafield ind1="1" ind2="0" tag="245"><subfield code="a">Spin glass theory and beyond</subfield><subfield code="c">Marc mezard, giorgio parisi, miguel angel virasoro</subfield></datafield><datafield ind1=" " ind2=" " tag="260"><subfield code="a">Singapore</subfield><subfield code="b">World Scientific</subfield><subfield code="c">1987</subfield></datafield><datafield ind1=" " ind2=" " tag="300"><subfield code="a">XIII + 461P</subfield></datafield><datafield ind1=" " ind2=" " tag="490"><subfield code="a">World Scientific Lecture Notes In Physics. Vol. 9</subfield></datafield><datafield ind1="1" ind2=" " tag="700"><subfield code="a">Virasoro, Miguel Angel</subfield></datafield><datafield ind1=" " ind2=" " tag="852"><subfield code="a">74723</subfield><subfield code="c">53</subfield></datafield><datafield ind1=" " ind2=" " tag="CAT"><subfield code="a">Sys</subfield><subfield code="c">20150811</subfield><subfield code="h">133954</subfield></datafield></record></collection>